<record xmlns="http://www.loc.gov/MARC21/slim" xmlns:xsi="http://www.w3.org/2001/XMLSchema-instance" xsi:schemaLocation="http://www.loc.gov/MARC21/slim http://www.loc.gov/standards/marcxml/schema/MARC21slim.xsd"><leader>00416cz   2200133n  4500</leader><controlfield tag="001">oca02411634 </controlfield><controlfield tag="005">19890107071806.8</controlfield><controlfield tag="008">881125n| acannaab|          |a aaa |||  </controlfield><datafield ind1=" " ind2=" " tag="010"><subfield code="a">n  88055358 </subfield></datafield><datafield ind1=" " ind2=" " tag="040"><subfield code="a">DLC</subfield><subfield code="c">DLC</subfield></datafield><datafield ind1="0" ind2=" " tag="100"><subfield code="a">Crinagoras,</subfield><subfield code="d">b. ca. 70 B.C.</subfield></datafield><datafield ind1="0" ind2=" " tag="400"><subfield code="a">Krinagoras,</subfield><subfield code="d">b. ca. 70 B.C.</subfield></datafield><datafield ind1=" " ind2=" " tag="670"><subfield code="a">His Krinagoras, 1987:</subfield><subfield code="b">t.p. (Krinagoras)</subfield></datafield><datafield ind1=" " ind2=" " tag="670"><subfield code="a">Oxford Class. Dict.</subfield><subfield code="b">(Crinagoras, b. ca. 70 B.C., poet of Mytilene)</subfield></datafield></record>